
% BMD Indexes
@incollection{BMDIndex_RalphMundayDentonBarker_birth,
publisher="{G}eneral {R}egister {O}ffice", title="Index to Births, Marriages, and Deaths",
year="1916",
volume="8A",
pages="927",
note="Births Sep 1916, Birkenhead district",
}
@incollection{BMDIndex_JoanNyriaHancox_birth,
publisher="{G}eneral {R}egister {O}ffice", title="Index to Births, Marriages, and Deaths",
year="1918",
volume="8A",
pages="582",
note="Bebington district. Record name: Joan M [sic] Hancox.",
}

% Probate

@incollection{WestCroskeryProbate,
title = "Index of {W}ills and {A}dministrations",
chapter = "Record for Samuel Maxwell West Croskery",
publisher = "National Probate Calendar for England and Wales",
year = "1861--1941",
}

% Censuses
@incollection{UKCensus1911_RG14_22074,
title="1911 Census of England",
note="Class: RG14; Piece: 22074.",
}

@incollection{UKParishRegisters,
title="England, Cheshire Parish Registers, 1538-2000",
Film no: 2104768, Folder no: 4019100, Image no: 814
}


@book{MarriageCertRalphDentonBarkerJoanNyriaPowell,
Title     = "Certificate of marriage of Ralph Denton-Barker and Joan Nyria Powell",
Publisher = "General Register Office",
Year      = "1947",
}

@misc{VirginiaDocs,
author="Virginia Grebenik",
title="Personal documents",
note="Documents held by Peter Grebenik",
}

@misc{OralHistoryJDB2008,
title="Oral history interview with {J}ulia {D}enton-{B}arker",
year="2008",
}

@misc{FlickrNyria,
title="Photograph of Nyria in Great Witley in the late 1950s",
howpublished="\url{https://flic.kr/p/njVZw3}",
}

@misc{FlickrTeachers,
title="Group photo of teachers at {R}alph's school",
howpublished="\url{https://flic.kr/p/nhk4D7}",
}

@misc{FlickrJohnHillTree,
title="John {H}ill's family tree",
howpublished="\url{https://flic.kr/p/nszZrK}"
}
